@article{r1,
    author="CITYSCAPES",
    title="Benchmark suite",
    publisher="Cityscape Caimler",
    address="Hanns-Klemm-Str.45 71034 Boblingen Germany",
    year="2016"
}

@article{r2,
    author="M. Everingham and A. S. M. Eslami and L. Van Gool and C. K. I. Williams and J. Winn and A. Zisserman",
    title="The Pascal Visual Objects Classes challenge A retrospective",
    edition="Vol. 111, iss 1.",
    publisher="IJCV",
    year="2014"
}

@article{r3,
    author="K. Korosec",
    title="Bosch: In 2020, cars should be driving themselves on the freeway",
    publisher="Forture",
    year="2015"
}
